@article{zhang_ffdnet_2018,
	title = {{FFDNet}: {Toward} a fast and flexible solution for {CNN}-based image denoising},
	journal = {TIP},
	author = {Zhang, Kai and Zuo, Wangmeng and Zhang, Lei},
	year = {2018},
}

@inproceedings{guo_toward_2019,
	title = {Toward {Convolutional} {Blind} {Denoising} of {Real} {Photographs}},
	booktitle = {{CVPR}},
	author = {Guo, Shi and Yan, Zifei and Zhang, Kai and Zuo, Wangmeng and Zhang, Lei},
	year = {2019},
}

@inproceedings{chang_spatial-adaptive_2020,
	title = {Spatial-{Adaptive} {Network} for {Single} {Image} {Denoising}},
	booktitle = {{ECCV}},
	author = {Chang, Meng and Li, Qi and Feng, Huajun and Xu, Zhihai},
	year = {2020},
}